% Se recomienda no dejar espacios, poner guiones para separar las palabras identificadoras de la referencia, ej: articulo:ejemplo_1  (utilizando un guión bajo)(El 'articulo:' no es necesario, es solo para identificarlos de mejor manera a la hora de citar en texto).
% Más abajo se presentarán otros ejemplos...
@article{articulo:ejemplo_1,
    author = "Soto, Ismael. and Carrasco, Raúl. and Vargas, Manuel. and Sebatting, Jorge. and Lagos, Carolina",
    title = "Intelligent packaging systems: sensors and anosensors to monitor food quality and safety",
    journal = "Journal of Sensors",
    year = "2016",
    volume = "2016",
    number = "4046061",
    pages = "2",
    doi = {https://doi.org/10.1155/2016/4046061},
    urldate = {2016-10-20}
    
}

@article{articulo:ejemplo_2,
    author    = "Apellido, Nombre",
    title     = "Título del artículo",
    journal   = "Nombre de la institución que lo público",
    year      = "2017",
    volume    = "50"
}

@book{libro:ejemplo_varios_autores,
    author    = "Apellido, Nombre. and  Apellido, Nombre. and Apellido, Nombre",
    title     = "Título del Libro",
    publisher = "Editorial o universidad que lo publicó",
    year      = "2001",
    month     = "3"
}

@book{libro:ejemplo_dos_autores,
    author    = "Apellido, Nombre. and  Apellido, Nombre.",
    title     = "Título del Libro",
    publisher = "Editorial o universidad que lo publicó",
    year      = "2001",
    month     = "3"
}

@book{libro:ejemplo_2,
    author    = "Apellido, Nombre",
    title     = "Título del Libro",
    publisher = "Editorial o universidad que lo publicó",
    year      = "2000",
    month     = "6",
    volume    = "20"
}

@online{blog:ejemplo,
    author    = "Apellido, Nombre.",
    title     = "Nombre del Post",
    month     = "1",
    year      = "2010",
    url       = "http://ejemplo.com"
}


% A CONTINUACIÓN SE PRESENTARÁ UN EJEMPLO DE CADA TIPO DE REFERENCIA, PARA MÁS INFORMACIÓN BUSCAR EN https://es.overleaf.com/learn

% LIBRO
@book{Barrett2016,
    author = {Barrett, Lisa Feldman},
    year = {2016},
    title = {How Emotions Are Made: The Secret Life of the Brain},
    publisher = {Houghton Mifflin Harcourt},
    address = {New York},
    edition = {1st}
}

% CAPITULO DE LIBRO
@incollection{Bargh1994,
    author = {Bargh, John A.},
    year = {1994},
    title = {The Four Horsemen of Automaticity: Awareness, Intention, Efficiency, and Control in Social Cognition},
    booktitle = {Handbook of Social Cognition},
    editor = {Wyer, Robert S. Jr. and Srull, Thomas K.},
    edition = {2nd},
    pages = {1-40},
    publisher = {Lawrence Erlbaum Associates, Inc.},
    address = {Hillsdale, NJ}
}

% ARTICULO DE REVISTA
@article{Anderson2017,
    author = {Anderson, Craig A. and Shibuya, Akiko and Ihori, Nobuko and Swing, Edward L. and Bushman, Brad J. and Sakamoto, Akira and Rothstein, Hannah R. and Saleem, Muniba},
    year = {2017},
    title = {Violent Video Game Effects on Aggression, Empathy, and Prosocial Behavior in Eastern and Western Countries: A Meta-Analytic Review},
    journal = {Psychological Bulletin},
    volume = {143},
    number = {5},
    pages = {539-559},
    doi = {https://doi.org/10.1037/bul0000100},
    urldate = {2021-03-12}
}

% ARTICULO DE PERIODICO
@article{Gorman2020,
    author = {Gorman, James},
    year = {2020},
    month = "3",
    title = {Why Outbreaks Like Coronavirus Spread Exponentially, and How to “Flatten the Curve”},
    newspaper = {The New York Times},
    url = {https://www.nytimes.com/2020/03/11/science/coronavirus-curve-mitigation-infection.html},
    urldate = {2021-03-12}
}

% TESIS O DISERTACIÓN
@thesis{Garcia2019,
    author = {Garcia, Maria L.},
    year = {2019},
    title = {The Role of Emotion Regulation in the Relationship between Childhood Maltreatment and Borderline Personality Disorder Symptoms},
    school = {Fordham University},
    address = {New York},
    url = {https://fordham.bepress.com/dissertations/AAI13863127/},
    urldate = {2021-03-12}
}

% PAGINA WEB
@online{WorldHealthOrganization2020,
    author = {{World Health Organization}},
    year = {2020},
    month = {March 11},
    title = {Coronavirus disease (COVID-19) outbreak},
    url = {https://www.who.int/emergencies/disease/novel-coronavirus-2019},
    urldate = {2021-03-12}
}